% Encoding: UTF-8

@Misc{OmenApps2021,
  author = {OmenApps},
  title  = {Django \& Postgresql-based Directed Acyclic Graphs},
  year   = {2021},
  url    = {https://github.com/OmenApps/django-postgresql-dag/},
}

@Article{Eggert2022,
  author    = {Daniel Eggert and Mike Sips and Philipp S. Sommer and Doris Dransch},
  journal   = {Journal of Open Source Software},
  title     = {DASF: A data analytics software framework for distributed environments},
  year      = {2022},
  number    = {78},
  pages     = {4052},
  volume    = {7},
  doi       = {10.21105/joss.04052},
  publisher = {The Open Journal},
  url       = {https://doi.org/10.21105/joss.04052},
}

@Article{Caron1997,
  author    = {Caron, John and Davis, Ethan and Hermida, Marcos and Heimbigner, Dennis and Arms, Sean and Ward-Garrison, Christian and May, Ryan and Madry, Lansing and Kambic, Robb and Johnson, Hailey},
  title     = {Unidata THREDDS Data Server},
  year      = {1997},
  copyright = {UCAR/Unidata (MIT-derivative) License},
  doi       = {10.5065/D6N014KG},
  keywords  = {Software, Free computer software, Open source software, Information storage and retrieval systems, Geospatial data, Data processing, Earth sciences},
  language  = {en},
  publisher = {UCAR/NCAR - Unidata},
}

@Software{Kralidis2023,
  author    = {Tom Kralidis and Angelos Tzotsos and Ricardo Garcia Silva and gsaaportal and Massimo Di Stefano and Paul van Genuchten and Bas Couwenberg and KoalaGeo and Ariel Núñez and Milo Kmet and Simone Dalmasso and Bu Kun and Johan Van de Wauw and Robert Coup and Minh Duc Nguyen and Adam Hinz and Amanda Yoshiizumi and Even Rouault and Kyle Wilcox and Adrià Mercader and Filipe and Ahmed Nour Eldeen and Axel Schaefer and Ben Greiner and Craig de Stigter and Francesco Frassinelli and Frank Warmerdam and Jachym Cepicky and James F. Dickens and Jeff McKenna},
  doi       = {10.5281/zenodo.7839119},
  month     = apr,
  publisher = {Zenodo},
  title     = {geopython/pycsw: 2.6.1},
  url       = {https://doi.org/10.5281/zenodo.7839119},
  version   = {2.6.1},
  year      = {2023},
}

@Comment{jabref-meta: databaseType:bibtex;}
